% put bibtex entries here!
@Book{plotly,
    author = {Carson Sievert},
    title = {{Interactive Web-Based Data Visualizatio}n with R, plotly, and shiny},
    publisher = {Chapman and Hall/CRC},
    year = {2020},
    isbn = {9781138331457},
    url = {https://plotly-r.com},
  }

@Manual{crosstalk,
  title = {{crosstalk}: Inter-Widget Interactivity for HTML Widgets},
  author = {Joe Cheng and Carson Sievert},
  year = {2021},
  note = {R package version 1.1.1},
  url = {https://CRAN.R-project.org/package=crosstalk},
}

@article{RJ-2021-050,
  author = {Earo Wang and Dianne Cook},
  title = {Conversations in time: interactive visualisation to explore
          structured temporal data},
  year = {2021},
  journal = {The R Journal},
  doi = {10.32614/RJ-2021-050},
  url = {https://journal.r-project.org/archive/2021/RJ-2021-050/index.html}
}

@Manual{palmerpenguins,
  title = {{palmerpenguins}: Palmer Archipelago (Antarctica) penguin data},
  author = {Allison Marie Horst and Alison Presmanes Hill and Kristen B Gorman},
  year = {2020},
  note = {R package version 0.1.0},
  url = {https://allisonhorst.github.io/palmerpenguins/},
}


% My references

@book{kuhn2013applied,
  title={Applied predictive modeling},
  author={Kuhn, Max and Johnson, Kjell and others},
  volume={26},
  year={2013},
  publisher={Springer}
}

@misc{buja2016visualization,
  title={A Visualization Tool for Mining Large Correlation Tables: The Association Navigator.},
  author={Buja, Andreas and Krieger, Abba M and George, Edward I},
  year={2016}
}

@article{guyon2003introduction,
  title={An introduction to variable and feature selection},
  author={Guyon, Isabelle and Elisseeff, Andr{\'e}},
  journal={Journal of machine learning research},
  volume={3},
  number={Mar},
  pages={1157--1182},
  year={2003}
}

@article{chandrashekar2014survey,
  title={A survey on feature selection methods},
  author={Chandrashekar, Girish and Sahin, Ferat},
  journal={Computers \& Electrical Engineering},
  volume={40},
  number={1},
  pages={16--28},
  year={2014},
  publisher={Elsevier}
}

@article{lazar2012survey,
  title={A survey on filter techniques for feature selection in gene expression microarray analysis},
  author={Lazar, Cosmin and Taminau, Jonatan and Meganck, Stijn and Steenhoff, David and Coletta, Alain and Molter, Colin and de Schaetzen, Virginie and Duque, Robin and Bersini, Hugues and Nowe, Ann},
  journal={IEEE/ACM transactions on computational biology and bioinformatics},
  volume={9},
  number={4},
  pages={1106--1119},
  year={2012},
  publisher={IEEE}
}


@article{sCorrPlot,
author = {Sean McKenna and Miriah Meyer and Christopher Gregg and Samuel Gerber},
title = {s-CorrPlot: An Interactive Scatterplot for Exploring Correlation},
journal = {Journal of Computational and Graphical Statistics},
volume = {25},
number = {2},
pages = {445-463},
year  = {2016},
publisher = {Taylor & Francis},
doi = {10.1080/10618600.2015.1021926},

URL = {
        https://doi.org/10.1080/10618600.2015.1021926

},
eprint = {
        https://doi.org/10.1080/10618600.2015.1021926

}

}

@article{friendly2002corrgrams,
  title={Corrgrams: Exploratory displays for correlation matrices},
  author={Friendly, Michael},
  journal={The American Statistician},
  volume={56},
  number={4},
  pages={316--324},
  year={2002},
  publisher={Taylor \& Francis}
}

@article{murdoch1996graphical,
  title={A graphical display of large correlation matrices},
  author={Murdoch, Duncan J and Chow, ED},
  journal={The American Statistician},
  volume={50},
  number={2},
  pages={178--180},
  year={1996},
  publisher={Taylor \& Francis}
}
